<?xml version="1.0" encoding="UTF-8"?><collection xmlns="http://www.loc.gov/MARC21/slim"><record><leader>00428nam--2200133-i-4500</leader><controlfield tag="001">000029565</controlfield><controlfield tag="002">20161230</controlfield><controlfield tag="005">20161230201037</controlfield><controlfield tag="008">060222s1000------------r-----000-0-eng-d</controlfield><datafield ind1=" " ind2=" " tag="100"><subfield code="a">Lacour, H.R</subfield></datafield><datafield ind1=" " ind2=" " tag="245"><subfield code="a">Ein beitrag zur spannungskorrosion homogenebei zimmertemperatur nicht ausscheidungsfahiger nichteisenmettal-legierungen</subfield></datafield><datafield ind1=" " ind2=" " tag="260"><subfield code="a">Sttugart, Technischen Hochschule, 1960. 106p</subfield></datafield><datafield ind1=" " ind2=" " tag="490"><subfield code="a">Teza De Doctorat</subfield></datafield><datafield ind1=" " ind2=" " tag="852"><subfield code="a">7542</subfield></datafield></record></collection>